@MISC{ynab,
    HOWPUBLISHED = "\url{https://www.youneedabudget.com/}",
    TITLE = "Strona aplikacji {You Need A Budget}"
}

@MISC{ynab-price,
    HOWPUBLISHED = "\url{https://www.youneedabudget.com/pricing/}",
    TITLE = "Cennik używania aplikacji {You Need A Budget}"
}

@MISC{mint,
    HOWPUBLISHED = "\url{https://mint.intuit.com/}",
    TITLE = "Strona aplikacji {Mint}"
}

@Phdthesis{rest,
  author    = "Roy Thomas Fielding",
  title     = " Architectural Styles and the Design of Network-based Software Architectures",
  school    = "University of California, Irvine",
  year      = "2000",
  url = "https://www.ics.uci.edu/~fielding/pubs/dissertation/rest_arch_style.htm"
}

@MISC{spring,
    HOWPUBLISHED = "\url{https://spring.io/}",
    TITLE = "Framework {Spring}"
}

@MISC{spring-popularity,
    HOWPUBLISHED = "\url{https://snyk.io/jvm-ecosystem-report-2021/ }",
    TITLE = "Raport popularności narzędzi używanych w ekosystemie tworzenia aplikacji w języku {Java}"
}

@MISC{spring-modules,
    HOWPUBLISHED = "\url{https://spring.io/projects}",
    TITLE = "Moduły frameworka {Spring}"
}


@MISC{ioc,
    HOWPUBLISHED = "\url{https://www.martinfowler.com/articles/injection.html}",
    TITLE = "Wzorzec {Inversion of Control} i zasada {Dependency Injection}"
}

@MISC{spring-mvc,
    HOWPUBLISHED = "\url{https://docs.spring.io/spring-framework/docs/current/reference/html/web.html}",
    TITLE = "Dokumentacja {Spring MVC}"
}

@MISC{spring-boot,
    HOWPUBLISHED = "\url{https://spring.io/projects/spring-boot}",
    TITLE = "{Spring Boot}"
}

@MISC{java-annotations,
    HOWPUBLISHED = "\url{https://docs.oracle.com/javase/tutorial/java/annotations/}",
    TITLE = "{Adnotacje w języku Java}"
}




